<collection xmlns="http://www.loc.gov/MARC21/slim"><record><leader>00903nmm  2200205   450</leader><controlfield tag="001">669</controlfield><controlfield tag="003">http://montalegre.opacnet.com/OPAC/default.aspx?ContentAreaControl=ShowRegHoldings.ascx&amp;RegNo=16662</controlfield><datafield tag="010" ind1=" " ind2=" "><subfield code="a">972-0-61306-8</subfield></datafield><datafield tag="021" ind1=" " ind2=" "><subfield code="a">PT</subfield><subfield code="b">122844/98</subfield></datafield><datafield tag="100" ind1=" " ind2=" "><subfield code="a">20061013d1998    cd y0pory0103    ba</subfield></datafield><datafield tag="101" ind1="1" ind2=" "><subfield code="a">por</subfield></datafield><datafield tag="102" ind1=" " ind2=" "><subfield code="a">PT</subfield></datafield><datafield tag="106" ind1=" " ind2=" "><subfield code="a">i</subfield></datafield><datafield tag="200" ind1="1" ind2=" "><subfield code="a">Eu adoro matemática</subfield><subfield code="b">Documento electrónico</subfield><subfield code="f">[ed.] Porto Editora Multimédia</subfield></datafield><datafield tag="205" ind1=" " ind2=" "><subfield code="a">[1ª ed.]</subfield></datafield><datafield tag="210" ind1=" " ind2=" "><subfield code="a">Porto</subfield><subfield code="c">P.E.M.</subfield><subfield code="d">cop. 1998</subfield></datafield><datafield tag="215" ind1=" " ind2=" "><subfield code="a">1 CD-ROM em caixa</subfield><subfield code="e">Manual A parte divertida/ A parte séria (21, 9 p., pag. convergente)</subfield></datafield><datafield tag="337" ind1=" " ind2=" "><subfield code="a">Requisitos do sistema: Processador Pentium II ; 32 MB de RAM ; Windows 95, 98 ou Me ; leitor de CD-ROM 8x ; placa de som (16 bit); placa gráfica (265 cores a 640x480) ; 5 MB de espaço livre no disco rígido</subfield></datafield><datafield tag="712" ind1="0" ind2="2"><subfield code="a">Porto Editora Multimédia</subfield><subfield code="4">340</subfield><subfield code="3">218241</subfield></datafield><datafield tag="801" ind1=" " ind2="0"><subfield code="a">PT</subfield><subfield code="b">Biblioteca Municipal de Montalegre</subfield><subfield code="g">RPC</subfield></datafield><datafield tag="856" ind1=" " ind2=" "><subfield code="u">locateMedia.asp?cod=20060523121527&amp;ext=jpg</subfield><subfield code="z">CAPA</subfield></datafield><datafield tag="909" ind1="&#9;" ind2=" "><subfield code="a">0</subfield></datafield></record></collection>